%% This BibTeX bibliography file was created using BibDesk.
%% http://bibdesk.sourceforge.net/
@MISC{Loghin97,
    author = {D. Loghin and A. J. Wathen},
    title = {Preconditioning the Advection-Diffusion Equation: the Green's Function Approach},
    year = {1997}
}

@TECHREPORT{Loghin99,
    author = {D. Loghin},
    title = {Green's Functions For Preconditioning},
    institution = {Oxford},
    year = {1999}
}

@article{Cai14,
title = "On the natural stabilization of convection dominated problems using high order {Bubnov-Galerkin} finite elements ",
journal = "Computers and Mathematics with Applications ",
volume = "66",
number = "12",
pages = "2545 - 2558",
year = "2014",
note = "",
issn = "0898-1221",
doi = "http://dx.doi.org/10.1016/j.camwa.2013.09.009",
url = "http://www.sciencedirect.com/science/article/pii/S0898122113005609",
author = "Q. Cai and S. Kollmannsberger and E. Sala-Lardies and A. Huerta and E. Rank",
}

